<?xml version="1.0" encoding="UTF-8"?><collection xmlns="http://www.loc.gov/MARC21/slim"><record><leader>00495nam--2200181-u-4500</leader><controlfield tag="001">000055999</controlfield><controlfield tag="002">20161230</controlfield><controlfield tag="005">20161230201052</controlfield><controlfield tag="008">141105s1000------------r-----000-0-eng-d</controlfield><datafield ind1=" " ind2=" " tag="020"><subfield code="a">9781612336343</subfield></datafield><datafield ind1=" " ind2=" " tag="040"><subfield code="a">IFIN-HH</subfield></datafield><datafield ind1=" " ind2=" " tag="080"><subfield code="a">53.01</subfield></datafield><datafield ind1="1" ind2=" " tag="100"><subfield code="a">Corredoira, Martin Lopez</subfield></datafield><datafield ind1="1" ind2="0" tag="245"><subfield code="a">The twilight of the scientific age</subfield><subfield code="c">Martin lopez corredoira</subfield></datafield><datafield ind1=" " ind2=" " tag="260"><subfield code="a">Boca Raton, Florida</subfield><subfield code="b">Brown Wlaker Press</subfield><subfield code="c">2013</subfield></datafield><datafield ind1=" " ind2=" " tag="300"><subfield code="a">VI+208P</subfield></datafield><datafield ind1=" " ind2=" " tag="852"><subfield code="a">82377</subfield><subfield code="c">53.01</subfield></datafield><datafield ind1=" " ind2=" " tag="CAT"><subfield code="a">Sys</subfield><subfield code="c">20141106</subfield><subfield code="h">113612</subfield></datafield></record></collection>